00581cas a22002291a 4500
001 999299173502836
003 Nz
005 20160321142656.0
008 040107d19121919nz  r ne      0   0 eng d
035    $a (NLNZils)929917
035    $a (Nz)8167205
035    $a (NLNZils)929917-ilsdb
035    $a (OCoLC)173421820
040    $a WN $c WN
042    $a nznb
043    $a u-nz---
245 00 $a Manukau news.
260    $a [Auckland, N.Z. : $b s.n., $c 1912?-1919?]
310    $a Weekly
362 0  $a 1912?-1919?
651  0 $a Manukau (N.Z.) $v Newspapers.
655  7 $a New Zealand newspapers. $2 local $5 Nz
